@ARTICLE{yeet,
       author = {{Kobourov}, Stephen G.},
        title = "{Spring Embedders and Force Directed Graph Drawing Algorithms}",
      journal = {arXiv e-prints},
     keywords = {Computer Science - Computational Geometry, Computer Science - Discrete Mathematics, Computer Science - Data Structures and Algorithms, F.2.2, G.2.2, H.4.0, I.3.5},
         year = 2012,
        month = jan,
          eid = {arXiv:1201.3011},
        pages = {arXiv:1201.3011},
archivePrefix = {arXiv},
       eprint = {1201.3011},
 primaryClass = {cs.CG},
       adsurl = {https://ui.adsabs.harvard.edu/abs/2012arXiv1201.3011K},
      adsnote = {Provided by the SAO/NASA Astrophysics Data System}
}

@misc{yworks,
  author = {YWorks},
  title = {{Force-Directed Graph Layout}},
  howpublished = "\url{https://www.yworks.com/pages/force-directed-graph-layout}",
  note = "[Dostęp: 28-04-2008]"
}

@misc{d3,
  author = {Mike Bostock},
  title = {{D3 Data-Driven Documents}},
  howpublished = "\url{https://d3js.org/}",
  note = "[Dostęp: 28-04-2008]"
}
